@book{morehead2014complete,
  title={The Complete Book of Solitaire and Patience Games},
  author={Morehead, Albert H and Mott-Smith, Geoffrey},
  year={1983},
  publisher={Penguin Random House}
}

@inproceedings{jaruvsek2010difficulty,
  title={Difficulty rating of sokoban puzzle},
  author={Jaru{\v{s}}ek, Petr and Pel{\'a}nek, Radek},
  booktitle={Proc. of the Fifth Starting AI Researchersâ€™ Symposium (STAIRS 2010)},
  pages={140--150},
  year={2010}
}

@inproceedings{jaruvsek2011determines,
  title={What determines difficulty of transport puzzles},
  author={Jaru{\v{s}}ek, Petr and Pel{\'a}nek, Radek},
  booktitle={Proc. of Florida Artificial Intelligence Research Society Conference (FLAIRS 2011)},
  pages={428--433},
  year={2011}
}

@incollection{helmstetter2004searching,
  title={Searching with analysis of dependencies in a solitaire card game},
  author={Helmstetter, Bernard and Cazenave, Tristan},
  booktitle={Advances in Computer Games},
  pages={343--360},
  year={2004},
  publisher={Springer}
}

@incollection{de1981pretzel,
  title={Pretzel Solitaire as a pastime for the lonely mathematician},
  author={de Bruijn, NG},
  booktitle={The Mathematical Gardner},
  pages={16--24},
  year={1981},
  publisher={Springer}
}

@article{BoxOffGAMES,
  title={BoxOff: a new solitaire board game},
  author={Meyers, Steven},
  journal={GAMES},
  volume={37},
  number={6},
  pages={12--13},
  year={2013}
}

@article{NONOGRAM,
  author={Kees Joost Batenburg and Sjoerd Henstra and Walter A. Kosters and Willem Jan Palenstijn},
  title={Constructing Simple Nonograms of Varying Difficulty},
 journal = {Pure Mathematics and Applications (Pu. MA)},
 year    = {2009},
 volume  = {20},
 pages   = {1--15},
 }
 
 @article{KLONDIKEPLANNING,
  title={Searching solitaire in real time},
  author={Bjarnason, Ronald and Tadepalli, Prasad and Fern, Alan},
  journal={ICGA Journal},
  volume={30},
  number={3},
  pages={131--142},
  year={2007},
  publisher={IOS Press}
}

@inproceedings{THOUGHTFUL,
  title={Lower Bounding Klondike Solitaire with Monte-Carlo Planning.},
  author={Bjarnason, Ronald and Fern, Alan and Tadepalli, Prasad},
  booktitle={International Conference on Automated Planning and Scheduling (ICAPS)},
  year={2009}
}

@article{PUZZLENATURE,
  title={The nature of puzzles},
  author={Browne, Cameron},
  journal={Game \& Puzzle Design},
  volume={1},
  number={1},
  pages={23--34},
  year={2015}
}

@article{PCGSURVEY,
 author = {Hendrikx, Mark and Meijer, Sebastiaan and Van Der Velden, Joeri and Iosup, Alexandru},
 title = {Procedural Content Generation for Games: A Survey},
 journal = {ACM Trans. Multimedia Comput. Commun. Appl.},
 issue_date = {February 2013},
 volume = {9},
 number = {1},
 month = feb,
 year = {2013},
 issn = {1551-6857},
 pages = {1--22},
 articleno = {1},
 numpages = {22},
 url = {http://doi.acm.org/10.1145/2422956.2422957},
 doi = {10.1145/2422956.2422957},
 acmid = {2422957},
 publisher = {ACM},
 address = {New York, NY, USA},
 keywords = {Game content generation, procedural, survey},
}

@article{SUDOKU,
  title={Difficulty-driven sudoku puzzle generation},
  author={Hunt, Martin and Pong, Christopher and Tucker, George},
  journal={The UMAP Journal},
  volume={29},
  issue={3},
  pages={343--362},
  year={2007}
}

@article{FIFTEEN,
  title={On sliding block puzzles},
  author={Karlemo, FR and Patric, RJ},
  journal={Methods},
  volume={13},
  number={14},
  pages={15},
  year={2000}
}

@article{TANGRAM,
  title={Random Generation of Tangrams},
  author={K{\"o}pp, Wiebke},
  journal={Interdisciplinary Project in Mathematics, Technische Universitat M{\"u}nchen.},
  year={2013}
}

@article{KRUSKAL,
  title={Use of ranks in one-criterion variance analysis},
  author={Kruskal, William H and Wallis, W Allen},
  journal={Journal of the American statistical Association},
  volume={47},
  number={260},
  pages={583--621},
  year={1952},
  publisher={Taylor \& Francis Group}
}

@article{GAMESYSTEM,
  title={The piecepack: In Search of a Generic, Universal Boardgame Set},
  author={James Kyle Droscha},
  journal={Grampa Barmo's Discount Game Magazine},
  volume={1},
  year={2001}
}


@article{SBPCG,
  title={Search-based procedural content generation: A taxonomy and survey},
  author={Togelius, Julian and Yannakakis, Georgios N and Stanley, Kenneth O and Browne, Cameron},
  journal={IEEE Transactions on Computational Intelligence and AI in Games},
  volume={3},
  number={3},
  pages={172--186},
  year={2011},
  publisher={Institute of Electrical and Electronics Engineers, Inc.,| y USA United States}
}

@article{PEG,
  title={Generalized {Hi-Q} is {NP}-complete},
  author={Uehara, Ryuhei and Iwata, Shigeki},
  journal={IEICE TRANSACTIONS (1976-1990)},
  volume={73},
  number={2},
  pages={270--273},
  year={1990},
  publisher={The Institute of Electronics, Information and Communication Engineers}
}

@misc{RUSHHOUR,
  title={Solving Rush Hour, the Puzzle},
  author={Fogleman, Michael},
  howpublished = {\url{https://www.michaelfogleman.com/rush/}},
  note = {Accessed: 2018-09-19}
}

@misc{SOLITAIREVARIANTS,
  title = {Experimental Analysis of Various Solitaire Games},
  author={Wolter, Jan},
  howpublished = {\url{https://politaire.com/article/intro.html}},
  note = {Accessed: 2018-09-19}
}

% Monte Carlo Analysis of a Puzzle Game
@inproceedings{MCPUZZLE,
  title={Monte Carlo analysis of a puzzle game},
  author={Browne, Cameron and Maire, Frederic},
  booktitle={Australasian Joint Conference on Artificial Intelligence},
  pages={83--95},
  year={2015},
  organization={Springer}
}

% Generating Sokoban Puzzle Game Levels with Monte Carlo Tree Search
@inproceedings{SOKOBAN,
  title={Generating sokoban puzzle game levels with monte carlo tree search},
  author={Kartal, Bilal and Sohre, Nick and Guy, Stephen},
  booktitle={The IJCAI-16 Workshop on General Game Playing},
  pages={47},
  year={2016}
}

% Automatic Puzzle Level Generation: A General Approach using a Description Language
@inproceedings{PUZZLELANG,
  title={Automatic puzzle level generation: A general approach using a description language},
  author={Khalifa, Ahmed and Fayek, Magda},
  booktitle={Computational Creativity and Games Workshop},
  year={2015}
}
